@book{arora:barak:09,
	title={Computational Complexity{:} A Modern Approach},
	author={Arora, Sanjeev and Barak, Boaz},
	year={2009},
	publisher={Cambridge University Press}
}