@article{jair,
	journal={Journal of Artificial Intelligence Research},
	publisher={{AI} Access Foundation}
}

@article{aij,
	journal={Artificial intelligence},
	publisher={Elsevier}
}

@article{ki-journal,
	journal={KI-K{\"u}nstliche Intelligenz, German Journal of Artifical Intelligence},
	publisher={Springer}
}