
@article{seidl:SIAMCOMP-89,
	author = {Seidl, Helmut},
	year = {1989},
	month = {01},
	pages = {480-492},
	title = {Deciding Equivalence of Finite Tree Automata},
	volume = {19},
	booktitle = {Siam Journal on Computing - SIAMCOMP},
}

@article{hoeller:etal:ki-21,
	title={The PANDA framework for hierarchical planning},
	author={H{\"o}ller, Daniel and Behnke, Gregor and Bercher, Pascal and Biundo, Susanne},
	volume={3},
	pages={391--396},
	year={2021},
	crossref={ki-journal}
}

@article{chandra:etal:acm-81,
	author = {Chandra, Ashok K. and Kozen, Dexter C. and Stockmeyer, Larry J.},
	title = {Alternation},
	year = {1981},
	volume = {28},
	publisher = {Association for Computing Machinery},
	journal = {Journal of the ACM},
	pages = {114â€“133}
}

@Article{richter:westphal:jair-10,
  author =       "Silvia Richter and Matthias Westphal",
  title =        "The {LAMA} Planner: Guiding Cost-Based Anytime
                  Planning with Landmarks",
  volume =       "39",
  year =         "2010",
  pages =        "127--177",
  crossref = {jair}
}


@article{bonet:geffner:aij-01,
	author       = {Blai Bonet and
	Hector Geffner},
	title        = {Planning as heuristic search},
	volume       = {129},
	pages        = {5--33},
	year         = {2001},
	crosref={aij}
}

@article{hoeller:etal:jair-20,
	title={{HTN} planning as heuristic progression search},
	author={H{\"o}ller, Daniel and Bercher, Pascal and Behnke, Gregor and Biundo, Susanne},
	volume={67},
	pages={835--880},
	year={2020},
	crossref={jair}
}

@article{schreiber:jair-21,
	title={Lilotane: A lifted SAT-based approach to hierarchical planning},
	author={Schreiber, Dominik},
	volume={70},
	pages={1117--1181},
	year={2021},
	crossref={jair}
}

@article{qi:wang:ifac-2016,
	title = {Dynamic Aircraft Carrier Flight Deck Task Planning based on HTN},
	journal = {IFAC-PapersOnLine},
	volume = {49},
	pages = {1608-1613},
	year = {2016},
	author = {Chao Qi and Dan Wang}
}

@article{helmert:aij-09,
	author =       "Malte Helmert",
	title =        "Concise Finite-Domain Representations for {PDDL}
	Planning Tasks",
	volume =       "173",
	pages =        "503--535",
	year =         "2009",
	crossref={aij}
}

@Article{hoffmann:etal:jair-06,
  author = 	 {J{\"o}rg Hoffmann and Stefan Edelkamp and Sylvie Th{\'i}ebaux and Roman Englert and Frederico Liporace and Sebastian Tr{\"u}g},
  title = 	 {Engineering Benchmarks for Planning: the
  Domains Used in the Deterministic Part of {IPC-4}},
  year = {2006},
  volume = {26},
  pages = {453-541},
  crossref = {jair}
}

@article{fikes:nillson:aij-71,
	title={{STRIPS}: A new approach to the application of theorem proving to problem solving},
	author={Fikes, Richard E and Nilsson, Nils J},
	volume={2},
	pages={189--208},
	year={1971},
}

@article{hoffmann:nebel:jair-01,
	title={The {FF} planning system: fast plan generation through heuristic search},
	author={Hoffmann, J{\"o}rg and Nebel, Bernhard},
	volume={14},
	pages={253--302},
	year={2001},
	crossref={jair}
}

@article{fiser:komenda:aij-18,
	title={Fact-alternating mutex groups for classical planning},
	author={Fi{\v{s}}er, Daniel and Komenda, Anton{\'\i}n},
	volume={61},
	pages={475--521},
	year={2018},
	crossref={aij}
}

@article{savitch-70,
	title={Relationships between nondeterministic and deterministic tape complexities},
	author={Savitch, Walter J},
	journal={Journal of computer and system sciences},
	volume={4},
	pages={177--192},
	year={1970},
	publisher={Elsevier}
}

@article{erol:etal:1996,
	title={Complexity results for {HTN} planning},
	author={Erol, Kutluhan and Hendler, James and Nau, Dana S},
	journal={Annals of Mathematics and Artificial Intelligence},
	volume={18},
	pages={69--93},
	year={1996}
}

%TODO: CI as journal
@article{koller:petrick:ci-11,
  author = 	 {Alexander Koller and Ronald Petrick},
  title = 	 {Experiences with Planning for Natural Language Generation},
  journal = {Computational Intelligence},
  volume    = {27},
  year      = {2011},
  pages     = {23-40},
}

%TODO: CI as journal
@article{culberson:schaeffer:ci-98,
  author = 	 "Joseph C. Culberson and Jonathan Schaeffer",
  title = 	 "Pattern Databases",
  journal = {Computational Intelligence},
  year = 	 "1998",
  volume =	 "14",
  pages =	 "318--334"
}


@article{hoffmann:etal:jair-04,
  author = 	 {J{\"o}rg Hoffmann and Julie Porteous and Laura Sebastia},
  title = 	 {Ordered Landmarks in Planning},
  year = {2004},
  volume = {22},
  pages = {215-278},
  crossref={jair}
}