@InProceedings{pantuckova:bartak:ecai-23,
	author    = {Kristýna Pantůčková and Roman Barták},
	title     = {Using Earley Parser for Recognizing Totally Ordered Hierarchical Plans},
	year      = {2023},
	pages     = {1819-1826},
	crossref={ecai}
}

@InProceedings{bartak:etal:icaps-18,
	author    = {Roman Bart{\'a}k and Adrien Maillard and Rafael C. Cardoso},
	title     = {Validation of Hierarchical Plans via Parsing of Attribute Grammars},
	year      = {2018},
	pages     = {11--19},
	crossref={icaps}
}

@InProceedings{helmert:domshlak:icaps-09,
  author =       "Malte Helmert and Carmel Domshlak",
  title =        "Landmarks, Critical Paths and Abstractions:
                  {What's} the Difference Anyway?",
  pages =        "162--169",
  crossref = {icaps},
  year = {2009}
}

@InProceedings{koller:hoffmann:icaps-10,
  author =       "Alexander Koller and J{\"o}rg Hoffmann",
  title =        "Waking Up a Sleeping Rabbit: On Natural-Language Sentence Generation with {FF}",
  pages =        {238--241},
  crossref =     {icaps},
  year = {2010}
}


@inproceedings{seipp:ijcai-19,
  author    = {Jendrik Seipp},
  title     = {Pattern Selection for Optimal Classical Planning with Saturated Cost
               Partitioning},
  pages     = {5621--5627},
  year      = {2019},
  crossref  = {ijcai}
}


@InProceedings{bercher:etal:ijcai-19,
	author    = {Pascal Bercher and Ron Alford and Daniel H{\"o}ller},
	title     = {A Survey on Hierarchical Planning -- One Abstract Idea, Many Concrete Realizations},
	year      = {2019},
	pages     = {6267--6275},
	crossref={ijcai}
}

@InProceedings{fernandez:perez:icaps-20,
	author    = {Juan Fernandez-Olivares and Raul Perez},
	title     = {Driver Activity Recognition by Means of Temporal {HTN} Planning},
	year      = {2020},
	pages     = {375--383},
	crossref={icaps}
}

@InProceedings{jamakatel:etal:hai-23,
	author    = {Prakash Jamakatel and Pascal Bercher and Axel Schulte and Jane Jean Kiam},
	booktitle = {Proceedings of the International Conference on Human-Agent Interaction (HAI)},
	title     = {Towards Intelligent Companion Systems in General Aviation using Hierarchical Plan and Goal Recognition},
	year      = {2023},
	pages     = {229--237},
	publisher = {Association for Computing Machinery}
}

@InProceedings{bercher:etal:ijcai-22,
	author    = {Pascal Bercher and Songtuan Lin and Ron Alford},
	title     = {Tight Bounds for Hybrid Planning},
	year      = {2022},
	pages     = {4597--4605},
	crossref={ijcai}
}

@inproceedings{lin:etal:ecai-23,
	author       = {Songtuan Lin and
	Gregor Behnke and
	Pascal Bercher},
	title        = {Accelerating SAT-Based {HTN} Plan Verification by Exploiting Data
	Structures from {HTN} Planning},
	pages        = {1489--1496},
	year         = {2023},
	crossref = {ecai}
}

@inproceedings{bonet:helmert:ecai-10,
	title={Strengthening landmark heuristics via hitting sets},
	author={Bonet, Blai and Helmert, Malte},
	pages={329--334},
	year={2010},
	crossref = {ecai}
}

@incollection{imai:fukunaga:ecai-14,
	title={A practical, integer-linear programming model for the delete-relaxation in cost-optimal planning},
	author={Imai, Tatsuya and Fukunaga, Alex},
	booktitle={ECAI 2014},
	pages={459--464},
	year={2014},
	publisher={IOS Press}
}

@inproceedings{wichlacz:etal:hplan-19,
	title={Construction-planning models in minecraft},
	author={Wichlacz, Julia and Torralba, Alvaro and Hoffmann, J{\"o}rg},
	crossref={hplan},
	year={2019}
}

@inproceedings{mcdermott:aips-96,
	author       = {Drew V. McDermott},
	title        = {A Heuristic Estimator for Means-Ends Analysis in Planning},
	booktitle    = {Proceedings of the International Conference on Artificial Intelligence Planning Systems ({AIPS})},
	pages        = {142--149},
	publisher    = {{AAAI} Press},
	year         = {1996}
}

@inproceedings{estlin:etal:ecp-97,
	title={An argument for a hybrid HTN/operator-based approach to planning},
	author={Estlin, Tara A and Chien, Steve A and Wang, Xuemei},
	booktitle={Proceedings of the European Conference on Planning ({ECP})},
	pages={182--194},
	year={1997},
	publisher={Springer}
}

@inproceedings{ondrckova:etal:icaart-23,
	title={On the Impact of Grounding on {HTN} Plan Verification via Parsing.},
	author={Ondrckov{\'a}, Simona and Bart{\'a}k, Roman and Bercher, Pascal and Behnke, Gregor},
	booktitle={Proceedings of the International Conference on Agents and Artificial Intelligence},
	pages={92--99},
	year={2023}
}

@inproceedings{masoumi:etal:gcai-15,
	author    = {Arman Masoumi and
	Megan Antoniazzi and
	Mikhail Soutchanski},
	title     = {Modeling Organic Chemistry and Planning Organic Synthesis},
	pages     = {176--195},
	year      = {2015},
	booktitle={Proceedings of the Global Conference on Artificial Intelligence}
}

@inproceedings{beackstroem:peter:socs-11,
	title={All {PSPACE}-complete planning problems are equal but some are more equal than others},
	author={Bäckström, Christer and Jonsson, Peter},
	pages={10--17},
	year={2011},
	crossref={SOCS}
}

@inproceedings{schattenberg:biundo:ki-06,
	title={A unifying framework for hybrid planning and scheduling},
	author={Schattenberg, Bernd and Biundo, Susanne},
	booktitle={Proceedings of the Annual German Conference on {AI} ({KI})},
	pages={361--373},
	year={2007},
	organization={Springer}
}


@inproceedings{helmert:etal:icaps-07,
  author =       "Malte Helmert and Patrik Haslum and J{\"o}rg Hoffmann",
  title =        "Flexible Abstraction Heuristics for Optimal Sequential
                  Planning",
  crossref =     "icaps",
  pages =        "176--183",
  year = {2007}
}

@inproceedings{rintanen:icaps-04,
	title={Complexity of Planning with Partial Observability.},
	author={Rintanen, Jussi},
	pages={345--354},
	year={2004},
	crossref={icaps}
}

@inproceedings{howey:etal:ictai-04,
	title={{VAL:} automatic plan validation, continuous effects and mixed initiative planning using {PDDL}},
	author={Howey, Richard and Long, Derek and Fox, Maria},
	pages={294--301},
	year={2004},
	crossref={ictai}
}

@inproceedings{hoeller:etal:icaps-18,
	title={A generic method to guide {HTN} progression search with classical heuristics},
	author={H{\"o}ller, Daniel and Bercher, Pascal and Behnke, Gregor and Biundo, Susanne},
	pages={114--122},
	year={2018},
	crossref={icaps}
}

@inproceedings{lauer:etal:ijcai-21,
	author       = {Pascal Lauer and
	{\'{A}}lvaro Torralba and
	Daniel Fiser and
	Daniel H{\"{o}}ller and
	Julia Wichlacz and
	J{\"{o}}rg Hoffmann},
	title        = {Polynomial-Time in {PDDL} Input Size: Making the Delete Relaxation Feasible for Lifted Planning},
	pages        = {4119--4126},
	year         = {2021},
	crossref={ijcai}
}

@inproceedings{lin:etal:aaai-2024,
	title={On the Computational Complexity of Plan Verification,(Bounded) Plan-Optimality Verification, and Bounded Plan Existence},
	author={Lin, Songtuan and Olz, Conny and Helmert, Malte and Bercher, Pascal},
	year={2024},
	crossref={aaai}
}

@InProceedings{sandewall:ronnquist:aaai-86,
  author = 	 "Sandewall, Erik and Ralph R{\"o}nnquist",
  title = 	 "A Representation of Action Structures",
  year={2024},
  crossref={aaai}
}

@inproceedings{pommerening:etal:aaai-15,
  author    = {Florian Pommerening and
               Malte Helmert and
               Gabriele R{\"{o}}ger and
               Jendrik Seipp},
  title     = {From Non-Negative to General Operator Cost Partitioning},
  pages     = {3335--3341},
  crossref  = {aaai},
  year={2015}
}

@inproceedings{sievers:etal:icaps-19,
	title={Theoretical foundations for structural symmetries of lifted {PDDL} tasks},
	author={Sievers, Silvan and R{\"o}ger, Gabriele and Wehrle, Martin and Katz, Michael},
	pages={446--454},
	year={2019},
	crossref={icaps}
}

@inproceedings{behnke:etal:icaps-15, 
	title={On the Complexity of {HTN} Plan Verification and Its Implications for Plan Recognition}, 
	author={Behnke, Gregor and Höller, Daniel and Biundo, Susanne}, 
	year={2015}, 
	pages={25-33},
	crossref={icaps}
}


@inproceedings{hoeller:etal:icaps-22,
	title={Compiling {HTN} plan verification problems into {HTN} planning problems},
	author={H{\"o}ller, Daniel and Wichlacz, Julia and Bercher, Pascal and Behnke, Gregor},
	pages={145--150},
	year={2022},
	crossref={icaps}
}

@inproceedings{lin:etal:aaai-23,
	author       = {Songtuan Lin and
	Gregor Behnke and
	Simona Ondrckov{\'{a}} and
	Roman Bart{\'{a}}k and
	Pascal Bercher},
	title        = {On Total-Order {HTN} Plan Verification with Method Preconditions -
	An Extension of the {CYK} Parsing Algorithm},
	pages        = {12041--12048},
	year         = {2023},
	crossref={aaai}
}

@inproceedings{bartak:etal:ictai-21,
	title={On the verification of totally-ordered {HTN} plans},
	author={Bart{\'a}k, Roman and Ondr{\v{c}}kov{\'a}, Simona and Behnke, Gregor and Bercher, Pascal},
	pages={263--267},
	year={2021},
	crossref={ictai}
}

@inproceedings{behnke:etal:icaps-17,
	title={This is a solution!(... but is it though?)-verifying solutions of hierarchical planning problems},
	author={Behnke, Gregor and H{\"o}ller, Daniel and Biundo, Susanne},
	pages={20--28},
	year={2017},
	crossref={icaps}
}

@inproceedings{geier:bercher:ijcai-2011,
	title={On the decidability of {HTN} planning with task insertion},
	author={Geier, Thomas and Bercher, Pascal},
	pages={1955},
	year={2011},
	crossref={ijcai}
}

@inproceedings{correa:etal:icaps-21,
	title={Delete-relaxation heuristics for lifted classical planning},
	author={Corr{\^e}a, Augusto B and Franc{\`e}s, Guillem and Pommerening, Florian and Helmert, Malte},
	pages={94--102},
	year={2021},
	crossref={icaps}
}

@inproceedings{correa:etal:icaps-22,
	title={The {FF} heuristic for lifted classical planning},
	author={Corr{\^e}a, Augusto B and Pommerening, Florian and Helmert, Malte and Frances, Guillem},
	pages={9716--9723},
	year={2022},
	crossref={icaps}
}

@inproceedings{correa:etal:icaps-20,
	title={Lifted successor generation using query optimization techniques},
	author={Corr{\^e}a, Augusto B and Pommerening, Florian and Helmert, Malte and Frances, Guillem},
	pages={80--89},
	year={2020},
	crossref={icaps}
}

@inproceedings{lin:etal:aaai-23b,
	author       = {Songtuan Lin and
	Alban Grastien and
	Pascal Bercher},
	title        = {Towards Automated Modeling Assistance: An Efficient Approach for Repairing
	Flawed Planning Domains},
	pages        = {12022--12031},
	year         = {2023},
	crossref={aaai}
}

@inproceedings{alford:etal:icaps-16,
	title={Bound to plan: Exploiting classical heuristics via automatic translations of tail-recursive {HTN} problems},
	author={Alford, Ron and Behnke, Gregor and H{\"o}ller, Daniel and Bercher, Pascal and Biundo, Susanne and Aha, David},
	pages={20--28},
	year={2016},
	crossref={icaps}
}

@inproceedings{seipp:helmert:icaps-13,
	title={Counterexample-guided Cartesian abstraction refinement},
	author={Seipp, Jendrik and Helmert, Malte},
	pages={347--351},
	year={2013},
	crossref={icaps}
}

@inproceedings{correa:etal:icaps-22b,
	title={Best-First Width Search for Lifted Classical Planning},
	author={Corr{\^e}a, Augusto B and Seipp, Jendrik},
	pages={11--15},
	year={2022},
	crossref={icaps}
}

@inproceedings{fiser:etal:aaai-22,
	title={Operator-Potential Heuristics for Symbolic Search},
	author={Fi{\v{s}}er, Daniel and Torralba, Alvaro and Hoffmann, J{\"o}rg},
	booktitle={Proceedings of the AAAI Conference on Artificial Intelligence},
	pages={9750--9757},
	year={2022},
	crossref={aaai}
}


@inproceedings{fiser:aaai-20,
	title={Lifted fact-alternating mutex groups and pruned grounding of classical planning problems},
	author={Fi{\v{s}}er, Daniel},
	crossref={aaai},
	year={2020}
}

@inproceedings{correa:etal:icaps-23,
	title={Grounding Planning Tasks Using Tree Decompositions and Iterated Solving},
	author       = {Augusto B. Corr{\^{e}}a and
	Markus Hecher and
	Malte Helmert and
	Davide Mario Longo and
	Florian Pommerening and
	Stefan Woltran},
	crossref={icaps},
	pages={100-108},
	year={2023}
}

@inproceedings{alford:etal:ijcai-09,
	author       = {Ronald Alford and
	Ugur Kuter and
	Dana S. Nau},
	title        = {Translating HTNs to {PDDL:} {A} Small Amount of Domain Knowledge Can
	Go a Long Way},
	pages        = {1629--1634},
	year         = {2009},
	crossref={ijcai}
}

@inproceedings{alford:etal:aaai-22,
	title={Making translations to classical planning competitive with other {HTN} planners},
	author={Behnke, Gregor and Pollitt, Florian and H{\"o}ller, Daniel and Bercher, Pascal and Alford, Ron},
	pages={9687--9697},
	year={2022},
	crossref={aaai}
}

@inproceedings{alford:etal:icaps-15,
	title={Tight bounds for {HTN} planning},
	author={Alford, Ron and Bercher, Pascal and Aha, David},
	pages={7--15},
	year={2015},
	crossref={icaps}
}

@inproceedings{alford:etal:ijcai-16,
	title={Hierarchical Planning: Relating Task and Goal Decomposition with Task Sharing.},
	author={Alford, Ron and Shivashankar, Vikas and Roberts, Mark and Frank, Jeremy and Aha, David W},
	pages={3022--3029},
	year={2016},
	crossref={ijcai}
}

@inproceedings{chen:bercher:icaps-2022, 
	title={Flexible FOND {HTN} Planning: A Complexity Analysis},
	author={Chen, Dillon Z. and Bercher, Pascal}, 
	year={2022}, 
	pages={26-34},
	crossref={icaps}
}

@inproceedings{alford:etal:ijcai-15,
	author       = {Ron Alford and
	Pascal Bercher and
	David W. Aha},
	title        = {Tight Bounds for {HTN} Planning with Task Insertion},
	pages        = {1502--1508},
	year         = {2015},
	crossref={ijcai}
}

@InProceedings{areces:etal:icaps-14,
	author =       "Carlos Areces and Facundo Bustos and Mart\'in Dominguez and J{\"o}rg Hoffmann",
	title =        "Optimizing Planning Domains by Automatic Action Schema Splitting",
	//pages={TODO},
	year =  {2014},
	crossref={icaps}
}

@inproceedings{bartak:etal:ictai-20,
	title={A novel parsing-based approach for verification of hierarchical plans},
	author={Bart{\'a}k, Roman and Ondr{\v{c}}kov{\'a}, Simona and Maillard, Adrien and Behnke, Gregor and Bercher, Pascal},
	pages={118--125},
	year={2020},
	crossref={ictai}
}

@inproceedings{erol:etal:aaai-94,
	title={{HTN} planning: Complexity and expressivity},
	author={Erol, Kutluhan and Hendler, James and Nau, Dana S},
	booktitle={AAAI},
	pages={1123--1128},
	year={1994},
	crossref={aaai}
}

@inproceedings{hoeller:etal:ijcai-19,
	title={On Guiding Search in {HTN} Planning with Classical Planning Heuristics.},
	author={H{\"o}ller, Daniel and Bercher, Pascal and Behnke, Gregor and Biundo, Susanne},
	pages={6171--6175},
	year={2019},
	crossref={ijcai}
}

@inproceedings{hoeller:icaps-21,
	title={Translating totally ordered {HTN} planning problems to classical planning problems using regular approximation of context-free languages},
	author={H{\"o}ller, Daniel},
	pages={159--167},
	year={2021},
	crossref={icaps}
}

@inproceedings{lin:bercher:aaai-23, 
	title={Was Fixing This Really That Hard? On the Complexity of Correcting {HTN} Domains}, 
	author={Lin, Songtuan and Bercher, Pascal}, 
	year={2023}, 
	pages={12032--12040},
	crossref={aaai}
}

@inproceedings{olz:etal:aaai-21, 
	title={Revealing Hidden Preconditions and Effects of Compound {HTN} Planning Tasks – A Complexity Analysis},
	author={Olz, Conny and Biundo, Susanne and Bercher, Pascal}, 
	year={2021},
	pages={11903--11912},
	crossref={aaai}
}

@inproceedings{hoeller:etal:aaai-20,
	title={{HDDL:} An extension to {PDDL} for expressing hierarchical planning problems},
	author={H{\"o}ller, Daniel and Behnke, Gregor and Bercher, Pascal and Biundo, Susanne and Fiorino, Humbert and Pellier, Damien and Alford, Ron},
	pages={9883--9891},
	year={2020},
	crossref={aaai}
}

@inproceedings{haslum:spark-11,
  author =	"Patrik Haslum",
  title =	"Computing Genome Edit Distances using Domain-Independent Planning",
  crossref = {spark},
  year =	"2011"
}

@InProceedings{matloob:soutchanski:spark-16,
  author =       "Rami Matloob and Mikhail Soutchanski",
  title =        "Exploring Organic Synthesis with State-of-the-Art Planning Techniques",
  year =	"2016",
  pages =        "52--61",
  crossref = {spark}
}


@InProceedings{edelkamp:aips-02,
  author = 	 {Stefan Edelkamp},
  title = 	 {Symbolic Pattern Databases in Heuristic Search Planning},
  crossref =     {aips},
  pages = {274-283},
  year = {2002}
}

@InProceedings{lauer:fickert:hsdip-20,
  title={Beating {LM}-cut with {LM}-cut: Quick Cutting and Practical Tie Breaking for the Precondition Choice Function},
  author={Lauer, Pascal and Fickert, Maximilian},
  crossref={hsdip},
  year={2020}
}

@InProceedings{pozo:etal:hsdip-24,
  title={Gotta Catch ‘Em All! Sequence Flaws in CEGAR for Classical Planning},
  author={Pozo, Martín and Lopez, Carlos Linares and Alvaro Torralba},
  crossref={hsdip},
  year={2024}
}

@InProceedings{buechner:etal:icaps-23, 
title={Landmark Progression in Heuristic Search}, 
author={Büchner, Clemens and Keller, Thomas and Eriksson, Salomé and Helmert, Malte}, 
year={2023},
pages={70--79},
crossref={icaps}
}

@InProceedings{briel:etal:cp-07,
author="van den Briel, Menkes
and Benton, J.
and Kambhampati, Subbarao
and Vossen, Thomas",
title="An LP-Based Heuristic for Optimal Planning",
booktitle="Principles and Practice of Constraint Programming {CP}",
year="2007",
publisher="Springer",
pages="651--665"
}


@inproceedings{bonet:ijcai-13,
  author    = {Blai Bonet},
  title     = {An Admissible Heuristic for {SAS+} Planning Obtained from the State Equation},
  pages     = {2268--2274},
  crossref  = {ijcai},
  year={2013}
}


@inproceedings{hoeller:behnke:icaps-22,
	title={Encoding Lifted Classical Planning in Propositional Logic},
	crossref={icaps},
	author={Höller, Daniel and Behnke, Gregor},
	year={2022},
	pages={134-144}
}

@inproceedings{stahlberg:ecai-23,
  author       = {Simon St{\aa}hlberg},
  title        = {Lifted Successor Generation by Maximum Clique Enumeration},
  pages        = {2194--2201},
  year         = {2023},
  crossref={ecai}
}

@inproceedings{chen:etal:aaai-24, 
	title={Learning Domain-Independent Heuristics for Grounded and Lifted Planning}, 
	crossref={aaai},
	author={Chen, Dillon Z. and Thiébaux, Sylvie and Trevizan, Felipe}, 
	year={2024}
}


@inproceedings{chen:etal:icaps-24, 
	title={Return to Tradition: Learning Reliable Heuristics with Classical Machine Learning}, 
	crossref={aaai},
	author={Chen, Dillon Z. and Trevizan, Felipe and Thiébaux, Sylvie},
	year={2024}
}

@inproceedings{wichlacz:etal:ecai-23,
  author       = {Julia Wichlacz and
                  Daniel H{\"{o}}ller and
                  Daniel Fiser and
                  J{\"{o}}rg Hoffmann},
  title        = {A Landmark-Cut Heuristic for Lifted Optimal Planning},
  crossref={ecai},
  pages        = {2623--2630},
  year         = {2023}
}

@inproceedings{seipp:etal:ijcai-16,
  title={Correlation complexity of classical planning domains},
  author={Seipp, Jendrik and Pommerening, Florian and R{\"o}ger, Gabriele and Helmert, Malte},
  year={2016},
  crossref={ijcai}
}

@article{dold:helmert:aaai-24, 
title={Novelty vs. Potential Heuristics: A Comparison of Hardness Measures for Satisficing Planning},
author={Dold, Simon and Helmert, Malte}, 
year={2024}, 
crossref={aaai}
}

@article{dold:helmert:icaps-24, 
title={Higher-Dimensional Potential Heuristics: Lower Bound Criterion and Connection to Correlation Complexity},
author={Dold, Simon and Helmert, Malte}, 
year={2024}, 
crossref={icaps}
}

@inproceedings{hoeller:etal:ijcai-20,
  title     = {Delete- and Ordering-Relaxation Heuristics for HTN Planning},
  author    = {Höller, Daniel and Bercher, Pascal and Behnke, Gregor},
  crossref  = {ijcai},
  pages     = {4076--4083},
  year      = {2020}
}

@inproceedings{tatsuya:fukunaga:ecai-14,
  title={A Practical, Integer-Linear Programming Model for the Delete-Relaxation in Cost-Optimal Planning.},
  author={Imai, Tatsuya and Fukunaga, Alex},
  crossref={ecai},
  pages={459--464},
  year={2014}
}