@proceedings{aaai,
	title={Proceedings of the AAAI conference on artificial intelligence ({AAAI})},
	booktitle={Proceedings of the AAAI conference on artificial intelligence ({AAAI})},
	publisher    = {{AAAI} Press}
}

@proceedings{icaps,
	title={Proceedings of the International Conference on Automated Planning and Scheduling ({ICAPS})},
	booktitle={Proceedings of the International Conference on Automated Planning and Scheduling ({ICAPS})},
	publisher    = {{AAAI} Press}
}

@proceedings{hplan,
	booktitle={Proceedings of the workshop on Hierarchical Planning ({HPLAN}) at {ICAPS}},
	title={Proceedings of the workshop on Hierarchical Planning ({HPLAN}) at {ICAPS}}
}

@proceedings{spark,
	booktitle={Proceedings of the Scheduling and Planning Applications wo{RK}shop ({SPARK}) at ({ICAPS})},
	title={Proceedings of the Scheduling and Planning Applications wo{RK}shop ({SPARK}) at ({ICAPS})}
}

@proceedings{ijcai,
	title={Proceedings of the International Joint Conference on Artificial Intelligence ({IJCAI})},
	booktitle={Proceedings of the International Joint Conference on Artificial Intelligence ({IJCAI})},
	publisher={{IJCAI} Organization}
}

@proceedings{ecai,
	title={Proceedings of the European Conference on Artificial Intelligence ({ECAI})},
	booktitle={Proceedings of the European Conference on Artificial Intelligence ({ECAI})},
	publisher    = {{IOS} Press},
}

@proceedings{ictai,
	title={Proceedings of the International Conference on Tools with Artificial Intelligence ({ICTAI})},
	booktitle={Proceedings of the International Conference on Tools with Artificial Intelligence ({ICTAI})},
	publisher={{IEEE}}
}


@proceedings{socs,
	booktitle={Proceedings of the International Symposium on Combinatorial Search ({SOCS})},
	title={Proceedings of the International Symposium on Combinatorial Search ({SOCS})},
	publisher    = {{AAAI} Press}
}