@techreport{erol:etal:tr-91,
	author = 	 "Erol, Kutluhan and Dana S. Nau and V. S. Subrahmanian",
	title = 	 "Complexity, Decidability and Undecidability Results
	for Domain-Independent Planning",
	institution =  "Department of Computer Science, University of Maryland",
	year = 	 1991,
	number = 	 "CS-TR-2797, UMIACS-TR-91-154",
}


@techreport{ghallab:etal:1998,
	title={{PDDL} {-} the planning domain definition language},
	author={McDermott, Drew and Ghallab, Malik and Howe, Adele and Knoblock, Craig and Ram, Ashwin and Veloso, Manuela and Weld, Daniel and Wilkins, David},
	year={1998}
}
